@ONLINE {wikipedia:vorgehensmodell,
	Organization = {Wikipedia},
	title = {Vorgehensmodell zur Softwareentwicklung},
	url = {http://de.wikipedia.org/wiki/Vorgehensmodell_zur_Softwareentwicklung},
	note = {Abgerufen am: 27.05.2015}
}
@ONLINE {wikipedia:projektphase,
	Organization = {Wikipedia},
	title = {Projektphase},
	url = {http://de.wikipedia.org/wiki/Projektphase},
	note = {Abgerufen am: 27.05.2015}
}
@ONLINE {wikipedia:agile_softwareentwicklung,
	Organization = {Wikipedia},
	title = {Agile Softwareentwicklung},
	url = {http://de.wikipedia.org/wiki/Agile_Softwareentwicklung},
	note = {Abgerufen am: 27.05.2015}
}
@MISC {wittek:phasenmodelle,
	author = {Wittek, Harald},
	title = {Projektentwicklung 5. Semester Projektphasenmodelle},
	organization = {HTBLVA Spengergasse}
}
@misc{agilemanifesto,
  author = {Beck, Kent and Beedle, Mike and van Bennekum, Arie and Cockburn, Alistair and Cunningham, Ward and Fowler, Martin and Grenning, James and Highsmith, Jim and Hunt, Andrew and Jeffries, Ron and Kern, Jon and Marick, Brian and Martin, Robert C. and Mellor, Steve and Schwaber, Ken and Sutherland, Jeff and Thomas, Dave},
  booktitle = {Manifesto for Agile Software Development},
  description = {Manifesto for Agile Software Development},
  title = {Manifesto for Agile Software Development},
  url = {http://www.agilemanifesto.org/},
  year = 2001
}
@ONLINE {scrumkompakt:wasserfallmodell,
	organization = {Scrum-kompakt.de},
	title = {Wasserfall-Modell},
	url = {http://www.scrum-kompakt.de/grundlagen-des-projektmanagements/wasserfall-modell/},
	note = {Abgerufen am: 28.05.2015}
}
@ONLINE {wikipedia:wasserfallmodell,
	Organization = {Wikipedia},
	title = {Wasserfallmodell},
	url = {http://de.wikipedia.org/wiki/Wasserfallmodell},
	note = {Abgerufen am: 28.05.2015}
}
@ONLINE {wikipedia:roi,
	Organization = {Wikipedia},
	title = {Return On Investment},
	url = {http://de.wikipedia.org/wiki/Return_on_Investment},
	note = {Abgerufen am: 28.05.2015}
}
@ONLINE {wikipedia:spiralmodell,
	Organization = {Wikipedia},
	title = {Spiralmodell},
	url = {http://de.wikipedia.org/wiki/Spiralmodell},
	note = {Abgerufen am: 28.05.2015}
}
@ONLINE {EnzyDerWir:spiralmodell,
	Organization = {Enzyklopädie der Wirtschaftsinformatik},
	author = {Kuhrmann, Marco},
	title = {Spiralmodell},
	url = {http://www.enzyklopaedie-der-wirtschaftsinformatik.de/wi-enzyklopaedie/lexikon/is-management/Systementwicklung/Vorgehensmodell/Spiralmodell},
	note = {Abgerufen am: 29.05.2015}
}
@ONLINE {infforum:spiralmodell,
	Organization = {Informatik Forum Simon},
	title = {Spiral-Modell in der Softwareentwicklung},
	url = {http://www.infforum.de/themen/anwendungsentwicklung/se-spiral-modell.htm},
	year = {2014},
	month = {nov},
	note = {Abgerufen am: 29.05.2015}
}
@ONLINE {baldenhofer:spiralmodell,
	Organization = {Guggat Emol Blog},
	author = {Baldenhofer, Roland},
	title = {Kleine Erklärung zum Spiralmodell},
	url = {http://www.baldenhofer.eu/blog/it/kleine-erklaerung-zum-spiralmodell/},
	year = {2009},
	month = {May},
	note = {Abgerufen am: 29.05.2015}
}
@ONLINE {wikipedia:vmodell,
	Organization = {Wikipedia},
	title = {V-Modell},
	url = {http://de.wikipedia.org/wiki/V-Modell},
	note = {Abgerufen am: 29.05.2015}
}
@MISC {lorenz:prozessmodelle,
	author = {Lorenz, Peter},
	title = {Prozessmodelle},
	year = {2003},
	organization = {HTBLVA Spengergasse}
}
@MISC {lorenz:agilemethoden,
	author = {Lorenz, Peter},
	title = {Agile Softwareentwicklung},
	organization = {HTBLVA Spengergasse},
	year = {2008}
}
@ONLINE {techsphere:vorgehensmodelle,
	Organization = {techSphere},
	title = {Vorgehensmodelle und standardisierte Vorgehensweisen},
	url = {http://www.techsphere.de/pageID=pm03.html},
	note = {Abgerufen am: 29.05.2015}
}
@ONLINE {wikipedia:xp,
	Organization = {Wikipedia},
	title = {Extreme Programming},
	url = {http://de.wikipedia.org/wiki/Extreme_Programming},
	note = {Abgerufen am: 31.05.2015}
}
@ONLINE {xp.org,
	title = {Extreme Programming: A gentle introduction},
	author = {Wells, Don},
	url = {http://www.extremeprogramming.org/},
	year = {2013},
	month = {Oct},
	note = {Abgerufen am: 31.05.2015}
}
@ONLINE {westphal:xp,
	title = {Extreme Programming},
	author = {Westphal, Frank},
	url = {http://www.frankwestphal.de/ExtremeProgramming.html},
	year = {2001},
	month = {Aug},
	note = {Abgerufen am: 31.05.2015}
}
@ONLINE {wikipedia:scrum,
	Organization = {Wikipedia},
	title = {Scrum},
	url = {http://de.wikipedia.org/wiki/Scrum},
	note = {Abgerufen am: 02.06.2015}
}
@ONLINE {wikipedia:fdd,
	Organization = {Wikipedia},
	title = {Feature Driven Development},
	url = {http://de.wikipedia.org/wiki/Feature_Driven_Development},
	note = {Abgerufen am: 05.06.2015}
}